@ARTICLE{cosmosis,
   author = {{Zuntz}, J. and {Paterno}, M. and {Jennings}, E. and {Rudd}, D. and 
  {Manzotti}, A. and {Dodelson}, S. and {Bridle}, S. and {Sehrish}, S. and 
  {Kowalkowski}, J.},
    title = "{CosmoSIS: Modular cosmological parameter estimation}",
  journal = {Astronomy and Computing},
archivePrefix = "arXiv",
   eprint = {1409.3409},
 keywords = {Cosmology:miscellaneous, Methods:data analysis, Methods:statistical},
     year = 2015,
    month = sep,
   volume = 12,
    pages = {45-59},
      doi = {10.1016/j.ascom.2015.05.005},
   adsurl = {http://adsabs.harvard.edu/abs/2015A%26C....12...45Z},
  adsnote = {Provided by the SAO/NASA Astrophysics Data System}
}

@ARTICLE{HACC,
   author = {{Habib}, S. and {Pope}, A. and {Finkel}, H. and {Frontiere}, N. and 
  {Heitmann}, K. and {Daniel}, D. and {Fasel}, P. and {Morozov}, V. and 
  {Zagaris}, G. and {Peterka}, T. and {Vishwanath}, V. and {Luki{\'c}}, Z. and 
  {Sehrish}, S. and {Liao}, W.-k.},
    title = "{HACC: Simulating sky surveys on state-of-the-art supercomputing architectures}",
  journal = {\na},
archivePrefix = "arXiv",
   eprint = {1410.2805},
 primaryClass = "astro-ph.IM",
 keywords = {Cosmology-large scale structure of the Universe, N-body simulations},
     year = 2016,
    month = jan,
   volume = 42,
    pages = {49-65},
      doi = {10.1016/j.newast.2015.06.003},
   adsurl = {http://adsabs.harvard.edu/abs/2016NewA...42...49H},
  adsnote = {Provided by the SAO/NASA Astrophysics Data System}
}

@ARTICLE{Gadget2,
   author = {{Springel}, V.},
    title = "{The cosmological simulation code GADGET-2}",
  journal = {\mnras},
   eprint = {astro-ph/0505010},
 keywords = {methods: numerical, galaxies: interactions, dark matter},
     year = 2005,
    month = dec,
   volume = 364,
    pages = {1105-1134},
      doi = {10.1111/j.1365-2966.2005.09655.x},
   adsurl = {http://adsabs.harvard.edu/abs/2005MNRAS.364.1105S},
  adsnote = {Provided by the SAO/NASA Astrophysics Data System}
}

@ARTICLE{CAMB,
     author    = "Lewis, Antony and Challinor, Anthony and Lasenby, Anthony",
     title     = "Efficient Computation of {CMB} anisotropies in closed {FRW}
                  models",
     journal   = "Astrophys. J.",
     volume    = "538",
     year      = "2000",
     pages     = "473-476",
     eprint    = "astro-ph/9911177",

     SLACcitation  = "%%CITATION = ASTRO-PH 9911177;%%"
}

@techreport{python,
 author = {Rossum, Guido},
 title = {Python Reference Manual},
 year = {1995},
 source = {http://www.ncstrl.org:8900/ncstrl/servlet/search?formname=detail\&id=oai%3Ancstrlh%3Aercim_cwi%3Aercim.cwi%2F%2FCS-R9525},
 publisher = {CWI (Centre for Mathematics and Computer Science)},
 address = {Amsterdam, The Netherlands, The Netherlands},
} 


%%%%%%%%%%%%%%%%%%%%%%%%%%%%%%%%%%%%%%%%%%%%%%%%%%%%%%%%%%%%%%%%%%%%%%%%%%%%%%%%%%%%%%%%%%%%%%%%%%%%%%%%%%%%%%%%%%%

@ARTICLE{WMAP,
   author = {{Bennett}, C.~L. and {Larson}, D. and {Weiland}, J.~L. and {Jarosik}, N. and 
  {Hinshaw}, G. and {Odegard}, N. and {Smith}, K.~M. and {Hill}, R.~S. and 
  {Gold}, B. and {Halpern}, M. and {Komatsu}, E. and {Nolta}, M.~R. and 
  {Page}, L. and {Spergel}, D.~N. and {Wollack}, E. and {Dunkley}, J. and 
  {Kogut}, A. and {Limon}, M. and {Meyer}, S.~S. and {Tucker}, G.~S. and 
  {Wright}, E.~L.},
    title = "{Nine-year Wilkinson Microwave Anisotropy Probe (WMAP) Observations: Final Maps and Results}",
  journal = {\apjs},
archivePrefix = "arXiv",
   eprint = {1212.5225},
 keywords = {cosmic background radiation, cosmology: observations, dark matter, early universe, instrumentation: detectors, space vehicles, space vehicles: instruments, telescopes},
     year = 2013,
    month = oct,
   volume = 208,
      eid = {20},
    pages = {20},
      doi = {10.1088/0067-0049/208/2/20},
   adsurl = {http://adsabs.harvard.edu/abs/2013ApJS..208...20B},
  adsnote = {Provided by the SAO/NASA Astrophysics Data System}
}

@ARTICLE{PlanckXVI2013,
   author = {{Planck Collaboration} and {Ade}, P.~A.~R. and {Aghanim}, N. and 
  {Armitage-Caplan}, C. and {Arnaud}, M. and {Ashdown}, M. and 
  {Atrio-Barandela}, F. and {Aumont}, J. and {Baccigalupi}, C. and 
  {Banday}, A.~J. and et al.},
    title = "{Planck 2013 results. XVI. Cosmological parameters}",
  journal = {\aap},
archivePrefix = "arXiv",
   eprint = {1303.5076},
 primaryClass = "astro-ph.CO",
 keywords = {cosmic background radiation, cosmological parameters, early Universe, inflation, primordial nucleosynthesis},
     year = 2014,
    month = nov,
   volume = 571,
      eid = {A16},
    pages = {A16},
      doi = {10.1051/0004-6361/201321591},
   adsurl = {http://adsabs.harvard.edu/abs/2014A%26A...571A..16P},
  adsnote = {Provided by the SAO/NASA Astrophysics Data System}
}

@ARTICLE{WLprimer,
   author = {{Bartelmann}, M. and {Schneider}, P.},
    title = "{Weak gravitational lensing}",
  journal = {\physrep},
   eprint = {astro-ph/9912508},
     year = 2001,
    month = jan,
   volume = 340,
    pages = {291-472},
      doi = {10.1016/S0370-1573(00)00082-X},
   adsurl = {http://adsabs.harvard.edu/abs/2001PhR...340..291B},
  adsnote = {Provided by the SAO/NASA Astrophysics Data System}
}

%%%%%%%%%%%%%%%%%%%%%%%%%%%%%%%%%%%%%%%%%%%%%%%%%%%%%%%%%%%%%%%%%%%%%%%%%%%%%%%%%%%%%%%%%%%%%%

@ARTICLE{bispectrum1,
   author = {{Takada}, M. and {Jain}, B.},
    title = "{Cosmological parameters from lensing power spectrum and bispectrum tomography}",
  journal = {\mnras},
   eprint = {astro-ph/0310125},
 keywords = {gravitational lensing, cosmology: theory, dark matter, large-scale structure of Universe},
     year = 2004,
    month = mar,
   volume = 348,
    pages = {897-915},
      doi = {10.1111/j.1365-2966.2004.07410.x},
   adsurl = {http://adsabs.harvard.edu/abs/2004MNRAS.348..897T},
  adsnote = {Provided by the SAO/NASA Astrophysics Data System}
}

@ARTICLE{moments1,
   author = {{Bernardeau}, F. and {van Waerbeke}, L. and {Mellier}, Y.},
    title = "{Weak lensing statistics as a probe of $\{$OMEGA$\}$ and power spectrum.}",
  journal = {\aap},
   eprint = {astro-ph/9609122},
 keywords = {COSMOLOGY: DARK MATTER, LARGE-SCALE STRUCTURES, GRAVITATIONAL LENSING},
     year = 1997,
    month = jun,
   volume = 322,
    pages = {1-18},
   adsurl = {http://adsabs.harvard.edu/abs/1997A%26A...322....1B},
  adsnote = {Provided by the SAO/NASA Astrophysics Data System}
}

@ARTICLE{3pcf1,
   author = {{Takada}, M. and {Jain}, B.},
    title = "{Three-point correlations in weak lensing surveys: model predictions and applications}",
  journal = {\mnras},
   eprint = {astro-ph/0304034},
 keywords = {gravitational lensing, cosmology: theory, large-scale structure of Universe},
     year = 2003,
    month = sep,
   volume = 344,
    pages = {857-886},
      doi = {10.1046/j.1365-8711.2003.06868.x},
   adsurl = {http://adsabs.harvard.edu/abs/2003MNRAS.344..857T},
  adsnote = {Provided by the SAO/NASA Astrophysics Data System}
}

@ARTICLE{peaks1,
   author = {{Jain}, B. and {Van Waerbeke}, L.},
    title = "{Statistics of Dark Matter Halos from Gravitational Lensing}",
  journal = {\apjl},
   eprint = {astro-ph/9910459},
 keywords = {COSMOLOGY: THEORY, COSMOLOGY: GRAVITATIONAL LENSING, METHODS: NUMERICAL},
     year = 2000,
    month = feb,
   volume = 530,
    pages = {L1-L4},
      doi = {10.1086/312480},
   adsurl = {http://adsabs.harvard.edu/abs/2000ApJ...530L...1J},
  adsnote = {Provided by the SAO/NASA Astrophysics Data System}
}

%%%%%%%%%%%%%%%%%%%%%%%%%%%%%%%%%%%%%%%%%%%%%%%%%%%%%%%%%%%%%%%%%%%%%%%%%%%%%%%%%%%%%%%%%%%%%%%%%%%%%%%%%%%%%%%%%%%

@ARTICLE{RayTracingHartlap,
   author = {{Hilbert}, S. and {Hartlap}, J. and {White}, S.~D.~M. and {Schneider}, P.
  },
    title = "{Ray-tracing through the Millennium Simulation: Born corrections and lens-lens coupling in cosmic shear and galaxy-galaxy lensing}",
  journal = {\aap},
archivePrefix = "arXiv",
   eprint = {0809.5035},
 keywords = {gravitational lensing, dark matter, large-scale structure of Universe, cosmology: theory, methods: numerical},
     year = 2009,
    month = may,
   volume = 499,
    pages = {31-43},
      doi = {10.1051/0004-6361/200811054},
   adsurl = {http://adsabs.harvard.edu/abs/2009A%26A...499...31H},
  adsnote = {Provided by the SAO/NASA Astrophysics Data System}
}